<?xml version="1.0" encoding="UTF-8"?>
<collection xmlns:xsi="http://www.w3.org/2001/XMLSchema-instance" xsi:schemaLocation="http://www.loc.gov/MARC21/slim http://www.loc.gov/standards/marcxml/schema/MARC21slim.xsd" xmlns="http://www.loc.gov/MARC21/slim">
<record>
  <leader>01127cam a2200265I  4500</leader>
  <controlfield tag="001">5241711</controlfield>
  <controlfield tag="003">NNC</controlfield>
  <controlfield tag="005">20151221160828.0</controlfield>
  <controlfield tag="008">870205m19579999ir ac         000 0 ara  </controlfield>
  <datafield tag="010" ind1=" " ind2=" ">
    <subfield code="a">ne 68009637 </subfield>
  </datafield>
  <datafield tag="035" ind1=" " ind2=" ">
    <subfield code="a">(OCoLC)ocm15156779</subfield>
  </datafield>
  <datafield tag="035" ind1=" " ind2=" ">
    <subfield code="a">(NNC)5241711</subfield>
  </datafield>
  <datafield tag="040" ind1=" " ind2=" ">
    <subfield code="a">DLC</subfield>
    <subfield code="c">IXA</subfield>
    <subfield code="d">IXA</subfield>
    <subfield code="d">ZCU</subfield>
  </datafield>
  <datafield tag="041" ind1="0" ind2=" ">
    <subfield code="a">araper</subfield>
  </datafield>
  <datafield tag="050" ind1=" " ind2=" ">
    <subfield code="a">PK6481</subfield>
    <subfield code="b">.M6 1957</subfield>
  </datafield>
  <datafield tag="099" ind1=" " ind2=" ">
    <subfield code="a">892.88</subfield>
    <subfield code="a">T23 no.375,478,645,689</subfield>
  </datafield>
  <datafield tag="100" ind1="0" ind2=" ">
    <subfield code="a">Jalāl al-Dīn Rūmī,</subfield>
    <subfield code="c">Maulana,</subfield>
    <subfield code="d">1207-1273.</subfield>
  </datafield>
  <datafield tag="245" ind1="1" ind2="0">
    <subfield code="a">Jawāhir al-āthār fī tarjamat Mathnawī Mawlānā Muḥammad Jalāl al-Dīn al-Balkhī al-Rūmī shiʻran.</subfield>
    <subfield code="c">al-Tarjamah wa-al-taḥqīq wa-al-talkhīṣ lil-ḥawāshī al-ʻArabīyah wa-al-Fārisīyah, bi-qalam ʻAbd al-ʻAzīz Ṣāḥib al-Javāhir.</subfield>
  </datafield>
  <datafield tag="260" ind1=" " ind2=" ">
    <subfield code="a">[Tihrān]</subfield>
    <subfield code="b">Dānishgāh-i Tihrān</subfield>
    <subfield code="c">[1957 or 8-</subfield>
  </datafield>
  <datafield tag="300" ind1=" " ind2=" ">
    <subfield code="a">v.</subfield>
    <subfield code="b">illus., ports.</subfield>
    <subfield code="c">27 cm.</subfield>
  </datafield>
  <datafield tag="490" ind1="1" ind2=" ">
    <subfield code="a">Intishārāt-i Dānishgāh-i Tihrān ;</subfield>
    <subfield code="v">375, 478, 645</subfield>
  </datafield>
  <datafield tag="500" ind1=" " ind2=" ">
    <subfield code="a">Includes Persian text.</subfield>
  </datafield>
  <datafield tag="700" ind1="1" ind2=" ">
    <subfield code="a">Ṣāḥib Javāhir, ʻAbd al-ʻAzīz,</subfield>
    <subfield code="e">translator.</subfield>
  </datafield>
  <datafield tag="830" ind1=" " ind2="0">
    <subfield code="a">Publications de l'Université de Tehran ;</subfield>
    <subfield code="v">375, etc.</subfield>
  </datafield>
  <datafield tag="955" ind1=" " ind2=" ">
    <subfield code="b">0051710927</subfield>
    <subfield code="d">glx</subfield>
    <subfield code="e">892.88 T23 no.375,478,645,689</subfield>
    <subfield code="v">pt.3</subfield>
  </datafield>
</record>
</collection>